% Add citations in bibtex format

@ARTICLE{van_veen_and_buckley,
  title = {Beamforming: A Versatile Approach to Spatial Filtering},
  author = {Barry D. Van Veen and Kevin M. Buckley},
  journal = {IEEE ASSP Magazine},
  year = {1998},
  month = {February},
}

@ARTICLE{Alexander_and_Ghirnikar,
  title = {A Method for Recursive Least Squares Filtering Based Upon an Inverse QR Decomposition},
  author = {S. T. Alexander and A. L. Ghirnikar},
  journal = {IEEE Transactions on Signal Processing},
  year = {1993},
  volume = {41},
  pages = {20--30},
}

@BOOK{Haykin,
  title = {Adaptive Filter Theory},
  author = {Simon Haykin},
  publisher = {Pearson},
  year = {2014},
  edition = {5},
  isbn    = {978-0-132-67145-3}
}

@TECHREPORT{AN506,
  title = {Application Note 506: QR Matrix Decomposition},
  institution = {Altera},
  year = {2008},
  month = {February},
  number = {2.0},
  url = {https://www.intel.com/content/dam/www/programmable/us/en/pdfs/literature/an/an506.pdf}
}
