
@ARTICLE{6732923,
  author={S. {Rangan} and T. S. {Rappaport} and E. {Erkip}},
  journal={Proceedings of the IEEE},
  title={Millimeter-Wave Cellular Wireless Networks: Potentials and Challenges},
  year={2014},
  volume={102},
  number={3},
  pages={366-385},
  doi={10.1109/JPROC.2014.2299397}
}
